@article{barrett2012arduino,
  title={Arduino Microcontroller: Processing for Everyone!},
  author={Barrett, Steven F},
  journal={Synthesis Lectures on Digital Circuits and Systems},
  volume={7},
  number={2},
  pages={1--371},
  year={2012},
  publisher={Morgan \& Claypool Publishers}
}